@misc{thoth38_2016, 
title={¿Qué es una máquina de Turing y cómo funciona?}, url={http://formatalent.com/que-es-una-maquina-de-turing-y-como-funciona/}, 
journal={Formatalent}, 
publisher={Cursos y Master en Madrid - Formatalent}, 
author={thoth38}, 
year={2016}, month={Mar}
}


@misc{gazeta_2019, title={Algoritmos y decidibilidad (I)}, url={https://gazeta.gt/algoritmos-y-decidibilidad-i/}, journal={gAZeta}, year={2019}, month={Oct}}


@misc{el_año_de_turing_2013, title={Algunos vínculos entre los teoremas de Gödel y Turing}, url={https://blogs.elpais.com/turing/2013/02/algunos-vinculos-entre-los-teoremas-de-godel-y-turing.html}, journal={El Año de Turing}, year={2013}, month={Feb}}

@misc{openmind_2018, title={Así terminó el sueño de las matemáticas infalibles (y de paso, nació la computación moderna)}, url={https://www.bbvaopenmind.com/ciencia/matematicas/asi-termino-el-sueno-de-las-matematicas-infalibles/}, journal={OpenMind}, year={2018}, month={Sep}}
